@Comment Masterarbeit von Christian Böck. 
@Comment Nicht viel draus gelesen, aber war vermutlich eine der Grundlagen
@Comment für den Schwaiger
@mastersthesis{boeck08discontinuous-galerkin-verfahren,
    author = {B{\"{o}}ck, Christian},
    institution = {Institut f{\"{u}}r Informatik, TU M{\"{u}}nchen},
    month = apr,
    organization = {Institut f{\"{u}}r Informatik, TU M{\"{u}}nchen},
    school = {Institut f{\"{u}}r Informatik, TU M{\"{u}}nchen},
    title = {Discontinuous-Galerkin-Verfahren zum L{\"{o}}sen der Flachwassergleichungen auf adaptiven Dreiecksgittern},
    type = {Diplomarbeit},
    year = {2008},
    URL = {http://www5.in.tum.de/pub/boeck08.pdf}
}

@Comment Good old Castro
@phdthesis{castro07high-order-ader-fv-dg-numerical-methods,
  address = {Trento, Italy},
  author = {Crist{\'o}bal E. Castro},
  month = {mar},
  note = {ISBN 978-88-8448-183-7},
  school = {University of Trento, Civil and Environmental Engineering},
  title = {{High order ADER FV/DG numerical methods for hyperbolic equations}},
  type = {Monographs of the School of Doctoral Studies in Environmental Engineering},
  year = {2007},
  language = {en},
  url = {http://www.ing.unitn.it/dica/eng/monographs/index.php},
}

@Comment Cockburn liefert Erklärung für point-wise approx.
@article{cockburn1999discontinuous,
  title={Discontinuous Galerkin methods for convection-dominated problems},
  author={Cockburn, Bernardo},
  journal={Lecture Notes in Computational Science and Engineering},
  volume={9},
  pages={69--224},
  year={1999}
}

@Comment Schwaiger -- "Hauptinspiration"
@mastersthesis{schwaiger08adaptive,
    author = {Schwaiger, Johannes},
    institution = {Fakult{\"{a}}t f{\"{u}}r Mathematik, TU M{\"{u}}nchen},
    month = sep,
    organization = {Fakult{\"{a}}t f{\"{u}}r Mathematik, TU M{\"{u}}nchen},
    school = {Fakult{\"{a}}t f{\"{u}}r Mathematik, TU M{\"{u}}nchen},
    title = {Adaptive Discontinuous-Galerkin-Verfahren zum L{\"{o}}sen der Flachwassergleichungen mit verschiedenen Randbedingungen},
    type = {Diplomarbeit},
    year = {2008},
    URL = {http://www5.in.tum.de/pub/schwaiger08.pdf}
}

@Comment Dunavant
@Comment Nicht das Paper, das wir vom Martin haben, sondern die Referenz drauf
@article{dunavant1985high,
  title={High degree efficient symmetrical Gaussian quadrature rules for the triangle},
  author={Dunavant, DA},
  journal={International journal for numerical methods in engineering},
  volume={21},
  number={6},
  pages={1129--1148},
  year={1985},
  publisher={Wiley Online Library}
}

@Comment Dieses eine gelbe Buch.
@Comment todo: "nodale basis" irgendwie in results.tex integrieren
@book{hesthaven2007nodal,
  title={Nodal discontinuous Galerkin methods: algorithms, analysis, and applications},
  author={Hesthaven, Jan S and Warburton, Tim},
  volume={54},
  year={2007},
  publisher={Springer}
}

@Comment Der Leveque -- unser erstes Buch zum Thema (in results abschnitt 9.2 oder so)
@book{leveque2002finite,
  title={Finite volume methods for hyperbolic problems},
  author={LeVeque, Randall J},
  volume={31},
  year={2002},
  publisher={Cambridge university press}
}

@Comment Numerishe Mathematik, Springer
@book{hans2009schwarz,
  title={Schwarz, Num. Mathematik},
  author={Hans Rudolf Schwarz, N.K. and K{\"o}ckler, N.},
  isbn={9783834806833},
  url={http://books.google.de/books?id=REcwk9DUpowC},
  year={2009},
  publisher={Vieweg + Teubner}
}

@Comment Funktionenhandbuch
@book{abramowitzstegun1964handbook,
  title={Handbook of Mathematical Functions: With Formulas, Graphs, and Mathematical Tables},
  author={Stegun, I.A.},
  isbn={9780486612720},
  lccn={lc65012253},
  series={Applied mathematics series},
  url={http://books.google.de/books?id=MtU8uP7XMvoC},
  year={1964},
  publisher={Dover Publ.}
}

@Comment Stiffness matrix paper aus Google
@article{arnold2002unified,
  title={Unified analysis of discontinuous Galerkin methods for elliptic problems},
  author={Arnold, Douglas N and Brezzi, Franco and Cockburn, Bernardo and Marini, L Donatella},
  journal={SIAM journal on numerical analysis},
  volume={39},
  number={5},
  pages={1749--1779},
  year={2002},
  publisher={SIAM}
}